<?xml version="1.0" encoding="UTF-8"?><collection xmlns="http://www.loc.gov/MARC21/slim"><record><leader>00466nam--2200157-i-4500</leader><controlfield tag="001">000027673</controlfield><controlfield tag="002">20161230</controlfield><controlfield tag="005">20161230201036</controlfield><controlfield tag="008">060222s1000------------r-----000-0-eng-d</controlfield><datafield ind1=" " ind2=" " tag="080"><subfield code="a">531.19</subfield></datafield><datafield ind1=" " ind2=" " tag="100"><subfield code="a">Kirkwood, John G</subfield></datafield><datafield ind1=" " ind2=" " tag="245"><subfield code="a">Collected works. general editor irwin oppenheim. selected topics in statistical mechanics</subfield></datafield><datafield ind1=" " ind2=" " tag="260"><subfield code="a">New York, Gordon And Breach, 1967. Xix+266p</subfield></datafield><datafield ind1=" " ind2=" " tag="490"><subfield code="a">Documents On Modern Physics</subfield></datafield><datafield ind1=" " ind2=" " tag="700"><subfield code="a">Zwanzig, R.W</subfield></datafield><datafield ind1=" " ind2=" " tag="852"><subfield code="a">28578</subfield></datafield></record></collection>